<?xml version="1.0" encoding="UTF-8"?><collection xmlns="http://www.loc.gov/MARC21/slim"><record><leader>00378nam--2200121-i-4500</leader><controlfield tag="001">000013570</controlfield><controlfield tag="002">20161230</controlfield><controlfield tag="005">20161230201030</controlfield><controlfield tag="008">060222s1000------------r-----000-0-eng-d</controlfield><datafield ind1=" " ind2=" " tag="245"><subfield code="a">Din activitatile icpe in anul 1980</subfield></datafield><datafield ind1=" " ind2=" " tag="260"><subfield code="a">Bucuresti, Institutul De Cercetare Stiintifica Si Inginerie Tehnologica Pentru Industria Electrotehnica,1981</subfield></datafield><datafield ind1=" " ind2=" " tag="490"><subfield code="a">Xxi+293p</subfield></datafield><datafield ind1=" " ind2=" " tag="852"><subfield code="a">061.62(498)</subfield></datafield></record></collection>